<record><leader>00000cas a22000007a 4500</leader><controlfield tag="001">36254326</controlfield><controlfield tag="008">970124d18891917tnuwr ne      0    0eng d</controlfield><datafield ind1=" " ind2=" " tag="010"><subfield code="a">sn 97065021 </subfield></datafield><datafield ind1=" " ind2=" " tag="040"><subfield code="a">TGN</subfield><subfield code="b">eng</subfield><subfield code="c">TGN</subfield><subfield code="d">OCLCQ</subfield><subfield code="d">OCLCF</subfield><subfield code="d">OCLCO</subfield></datafield><datafield ind1="1" ind2=" " tag="029"><subfield code="a">AU@</subfield><subfield code="b">000013096396</subfield></datafield><datafield ind1=" " ind2=" " tag="042"><subfield code="a">msc</subfield></datafield><datafield ind1=" " ind2=" " tag="043"><subfield code="a">n-us-tn</subfield></datafield><datafield ind1="0" ind2=" " tag="130"><subfield code="a">Springfield herald (Springfield, Tenn. : 1889)</subfield></datafield><datafield ind1="1" ind2="4" tag="245"><subfield code="a">The Springfield herald.</subfield></datafield><datafield ind1=" " ind2=" " tag="260"><subfield code="a">Springfield, Tenn. :</subfield><subfield code="b">S.S. Gause</subfield></datafield><datafield ind1=" " ind2=" " tag="300"><subfield code="a">v.</subfield></datafield><datafield ind1=" " ind2=" " tag="310"><subfield code="a">Weekly</subfield></datafield><datafield ind1="1" ind2=" " tag="362"><subfield code="a">Began in 1889; ceased in 1917.</subfield></datafield><datafield ind1=" " ind2=" " tag="500"><subfield code="a">Publishers: S.S. Gause, &lt;1892&gt;; S.O. Murphey, &lt;1913&gt;</subfield></datafield><datafield ind1=" " ind2=" " tag="580"><subfield code="a">Merged with: Robertson County news (Springfield, Tenn. : 1913), to form: Springfield herald and Robertson County news.</subfield></datafield><datafield ind1=" " ind2=" " tag="588"><subfield code="a">Description based on: Vol. 4, no. 6 (Apr. 20, 1892).</subfield></datafield><datafield ind1=" " ind2="0" tag="651"><subfield code="a">Springfield (Tenn.)</subfield><subfield code="v">Newspapers.</subfield></datafield><datafield ind1=" " ind2="0" tag="651"><subfield code="a">Robertson County (Tenn.)</subfield><subfield code="v">Newspapers.</subfield></datafield><datafield ind1=" " ind2="7" tag="655"><subfield code="a">Newspapers.</subfield><subfield code="2">fast</subfield><subfield code="0">(OCoLC)fst01423814</subfield></datafield><datafield ind1=" " ind2="7" tag="651"><subfield code="a">Tennessee</subfield><subfield code="z">Robertson County.</subfield><subfield code="2">fast</subfield><subfield code="0">(OCoLC)fst01208054</subfield></datafield><datafield ind1=" " ind2="7" tag="651"><subfield code="a">Tennessee</subfield><subfield code="z">Springfield.</subfield><subfield code="2">fast</subfield><subfield code="0">(OCoLC)fst01227067</subfield></datafield><datafield ind1=" " ind2=" " tag="752"><subfield code="a">United States</subfield><subfield code="b">Tennessee</subfield><subfield code="c">Robertson</subfield><subfield code="d">Springfield.</subfield></datafield><datafield ind1="1" ind2="7" tag="785"><subfield code="t">Robertson County news (Springfield, Tenn. : 1913)</subfield><subfield code="w">(DLC)sn 97065022</subfield></datafield><datafield ind1="1" ind2="7" tag="785"><subfield code="t">Springfield herald and Robertson County news</subfield><subfield code="w">(DLC)sn 97065018</subfield></datafield></record>